
@ARTICLE{Ammons:001,
	AUTHOR="Ammons B, Chiles L",
	TITLE="Development of phrenic motoneuron morphology in the electronic thesis template user",
	JOURNAL="ETD Today",
	VOLUME=45,
	PAGES=42,
	YEAR=2004
}

@ARTICLE{Fishman:001,
	AUTHOR="Fishman J",
	TITLE="How to format an electronic thesis",
	JOURNAL="Journal of ETD Minutia",
	VOLUME=58,
	PAGES=519,
	YEAR=2003
}

@ARTICLE{SZ, 
	TITLE="Comparative Analysis of Gene Sets in the Gene Ontology Space under the Multiple Hypothesis Testing Framework",
	AUTHOR="Sheng Zhong et. al.",
	JOURNAL="Computational Systems Bioinformatics",
	PAGES="425 - 435",
	YEAR=2004
}

@ARTICLE{ES, 
	TITLE="Data Exploration Tools for the Gene Ontology Database",
	AUTHOR="Elizabeth Shoop et. al.",
	JOURNAL="Journal of ETD Minutia",
	JOURNAL="Bioinformatics",
	PAGES="3442-3454",
	YEAR=2004
}

@ARTICLE{FA, 
	TITLE="FatiGO: a web tool for finding significant associations of Gene Ontology terms with groups of genes.", 
	AUTHOR="Faima Al-Shahrour et. al.",
	JOURNAL="Journal of ETD Minutia",
	JOURNAL="Bioinformatics",
	PAGES="578-580",
	YEAR=2004
}

@ARTICLE{GA, 
	TITLE="GO PaD: the Gene Ontology Partition Database", 
	AUTHOR="Gil Alterovitz et. al.",
	JOURNAL="Proc Natl Acad Sci ",
	PAGES="15545-15550",
	YEAR=2005
}

@ARTICLE{BZ, 
	TITLE="GoMiner: a resource for biological interpretation of genomic and proteomic data",
	AUTHOR="Barry R Zeeberg et. al.",
	JOURNAL="Genome Biol.",
	YEAR=2003
}

@ARTICLE{TB, 
	TITLE="GOstat: Find statistically overrepresented Gene Ontologies within a group of genes",
	AUTHOR="Tim Beissbarth et. al.",
	JOURNAL="Bioinformatics",
	PAGES="1464-1465",
	YEAR=2004
}

@ARTICLE{BZ2, 
	TITLE="GOTree Machine (GOTM): a web-based platform for interpreting sets of interesting genes using Gene Ontology hierarchies",
	AUTHOR="Bing Zhang et. al.",
	JOURNAL="BMC Bioinformatics ",
	YEAR=2004
}

@ARTICLE{SF, 
	TITLE="Using GOstats to test gene lists for GO term association",
	AUTHOR="S. Falcon et. al.",
	JOURNAL="Bioinformatics",
	PAGES="257-258",
	YEAR=2006
}

@ARTICLE{BZ3, 
	TITLE="High-Throughput GoMiner, an 'industrial-strength' integrative gene ontology tool for interpretation of multiple-microarray experiments, with application to studies of Common Variable Immune Deficiency (CVID)",
	AUTHOR="Barry R Zeeberg et. al.",
	JOURNAL="BMC Bioinformatics",
	PAGES="168",
	YEAR=2005
}

@ARTICLE{DH, 
	TITLE="Identifying biological themes within lists of genes with EASE",
	AUTHOR="Douglas A Hosack et. al.",
	JOURNAL="Genome Biology",
	YEAR=2003
}

@ARTICLE{SD, 
	TITLE="MAPPFinder: using Gene Ontology and GenMAPP to create a global gene-expression profile from microarray data",
	AUTHOR="Scott W Doniger et. al.",
	JOURNAL="Genome Biology",
	YEAR=2003
}

@ARTICLE{SF3, 
	TITLE="Using GOstats to test gene lists for GO term association",
	AUTHOR="S. Falcon et. al.",
	JOURNAL="Bioinformatics",
	YEAR=2007
}

@ARTICLE{WP, 
	TITLE="Wikipedia",
	AUTHOR="Anonymous",
	YEAR=2008
}

@ARTICLE{A,
	TITLE="Molecular Biology of the Cell",
	AUTHOR="Alberts et al.",
	YEAR=2002
}

@ARTICLE{CH1, 
	TITLE="Five Not Four: History and Significance of the Fifth Base",
	AUTHOR="Douglas S Millar et al.",
	JOURNAL="The Epigenome: Molecular hide and Seek",
	YEAR=2003
}

@ARTICLE{CH2, 
	TITLE="(Epi)genetic Signals: Towards a Human Genome Sequence of All Five Nucleotides",
	AUTHOR="Walter Doerfler.",
	JOURNAL="The Epigenome: Molecular hide and Seek",
	YEAR=2003
}

@ARTICLE{CH3, 
	TITLE="Epi Meets Genomics: Technologies for Finding and Reading the 5th Base",
	AUTHOR="Tim Hui-Ming Huang et. al.",
	JOURNAL="The Epigenome: Molecular hide and Seek",
	YEAR=2003
}

@ARTICLE{CH4, 
	TITLE="Mammalian Epigenomics: Reprogramming the Genome for Development and Therapy",
	AUTHOR="Wolf Reik and Wendy Dean.",
	JOURNAL="The Epigenome: Molecular hide and Seek",
	YEAR=2003
}

@ARTICLE{CH5, 
	TITLE="At the Controls: Genomic Imprinting and the Epigenetic Regulation of Gene Expression",
	AUTHOR="Anne Ferguson-Smith.",
	JOURNAL="The Epigenome: Molecular hide and Seek",
	YEAR=2003
}

@ARTICLE{CH6, 
	TITLE="Epigenetic Trouble: Human Diseases Caused by Epimutations",
	AUTHOR="Jaern Walter and Martina Paulsen.",
	JOURNAL="The Epigenome: Molecular hide and Seek",
	YEAR=2003
}

@ARTICLE{CH7, 
	TITLE="Liver or Broccoli? Food's Lasting E ecton Genome Methylation",
	AUTHOR="Michael Fenech.",
	JOURNAL="The Epigenome: Molecular hide and Seek",
	YEAR=2003
}

@ARTICLE{CH8, 
	TITLE="Living Longer: The Aging Epigenome",
	AUTHOR="Jean-Pierre Issa.",
	JOURNAL="The Epigenome: Molecular hide and Seek",
	YEAR=2003
}

@ARTICLE{CH9, 
	TITLE="Digitizing Molecular Diagnostics: Current and Future Applications of Epigenome Technology",
	AUTHOR="Sven Olek et. al.",
	JOURNAL="The Epigenome: Molecular hide and Seek",
	YEAR=2003
}

@ARTICLE{MV, 
	TITLE="From genome to epigenome",
	AUTHOR="Adele Murrell, Vardhman K. Rakyan and Stephan Beck.",
	JOURNAL="Human Molecular Genetics ",
	YEAR=2005
}

@ARTICLE{CF, 
	TITLE="The emerging science of epigenomics",
	AUTHOR="Pauline A. Callinan and Andrew P. Feinberg.",
	JOURNAL="Human Molecular Genetics ",
	PAGES="R95-R101",
	YEAR=2006
}

@ARTICLE{R,
	TITLE="Bias as a threat to the validity of cancer molecular-marker research", 
	AUTHOR="David F. Ransohoff",
	JOURNAL="Nature Reviews Cancer ",
	PAGES="142-149",
	YEAR=2005
}

@ARTICLE{HF,
	TITLE="Genome wide profiling of promoter methylation in human",
	AUTHOR="I Hatada et. al.",
	JOURNAL="Oncogene",
	PAGES="3059-3064",
	YEAR=2006
}

@ARTICLE{D,
	TITLE="Altered states",
	AUTHOR="Carina Dennis",
	JOURNAL="Nature",
	PAGES="686-688",
	YEAR=2003
}


@ARTICLE{GI, 
	TITLE="Epigenomics: Large scale analysis of chromatin modifications and transcription factors / genome interactions",
	AUTHOR="T. Grange et. al.",
	JOURNAL="BioEssays",
	PAGES="1203",
	YEAR=2005
}

@ARTICLE{ZG, 
	TITLE="Genome-wide analysis of Arabidopsis thaliana DNA methylation uncovers an interdependence between methylation and transcription",
	AUTHOR="Daniel Zilberman et. al.",
	JOURNAL="Nature",
	YEAR=2006
}

@ARTICLE{ZGW, 
	TITLE="Nimblegen webimar: Genome-wide analysis of Arabidopsis",
	AUTHOR="Daniel Zilberman",
	YEAR=2006
}

@ARTICLE{ZY, 
	TITLE="Genome-wide High-Resolution Mapping and Functional Analysis of DNA Methylation in Arabidopsis",
	AUTHOR="Xiaoyu Zhang et al.",
	JOURNAL="Cell",
	PAGES="1189-1201",
	YEAR=2006
}

@ARTICLE{LS, 
	TITLE="Quantitative DNA methylation analysis based on four-dye trace data from direct sequencing of PCR amplificates",
	AUTHOR="Jorn Lewin et. al.",
	JOURNAL="Bioinformatics",
	PAGES="3005-3012",
	YEAR=2004
}

@ARTICLE{MA, 
	TITLE="Transcriptional silencing and promoter methylation triggered by double-stranded RNA",
	AUTHOR="M.F. Mette et. al.",
	JOURNAL="The EMBO Journa",
	PAGES="51945201",
	YEAR=2000
}

@ARTICLE{TK, 
	TITLE="Ultradeep bisulfite sequencing analysis of DNA methylation patterns in multiple gene promoters by 454 sequencing", 
	AUTHOR="Kristen H. Taylor et. al.",
	JOURNAL="Cancer Research ",
	PAGES="8511-8518",
	YEAR=2007
}

@ARTICLE{S,
	TITLE="The Dynamic Epigenome and its Implications in Toxicology",
	AUTHOR="Moshe Szyf",
	JOURNAL="Toxicological Sciences",
	PAGES="7-23",
	YEAR=2007
}

@ARTICLE{UF, 
	TITLE="DINAMelt web server for nucleic acid melting prediction.",
	AUTHOR="Markham, N. R. \& Zuker, M.",
	JOURNAL="Nucleic Acids Research",
	PAGES="W577-W581;",
	YEAR=2005
}

@ARTICLE{HGT, 
	TITLE="Modeling of DNA microarray data by using physical properties of hybridization",
	AUTHOR="G. A. Held et. al.",
	JOURNAL="PNAS",
	PAGES="75757580",
	YEAR=2003
}

@ARTICLE{TOC,
	TITLE="Gene Ontology: tool for the unification of biology",
	AUTHOR="The Gene Ontology Consortium (2000) Nature Genet. 25: 25-29 PDF",
	JOURNAL="Nature Genetics",
	PAGES="25-29",
	YEAR=2000
}

@ARTICLE{CHARM, 
	TITLE="Comprehensive high-throughput arrays for relative methylation (CHARM)",
	AUTHOR="R.A. Irizarry et. al. Genome research, March 2008.",
	JOURNAL="Genome Res.",
	PAGES="780",
	YEAR=2008
}

@ARTICLE{HEP,
	TITLE="DNA methylation profiling of human chromosomes 6, 20 and 22.",
	AUTHOR="Eckhardt F et. al.",
	JOURNAL="Nat Genet.",
	PAGES="1378-85",
	YEAR=2006
}

@ARTICLE{HEP2,
	TITLE="DNA methylation profiling of the human major histocompatibility complex: a pilot study for the human epigenome project",
	AUTHOR="Rakyan VK et. al.",
	JOURNAL="PLoS",
	PAGES="405",
	YEAR=2004
}

@ARTICLE{JBD,
	TITLE="High-resolution computational models of genome binding events",
	AUTHOR="Yuan Qi et. al.",
	JOURNAL="Nat Biotechnol.",
	PAGES="963",
	YEAR=2006
}

@ARTICLE{ADSP,
	TITLE="Advanced digital signal processing and noise reduction",
	AUTHOR="Saeed V. Vaseghi",
	YEAR=2006
}

@ARTICLE{MBD,
	TITLE="Model-based deconvolution of genome-wide DNA binding",
	AUTHOR="David J. Reiss et. al.",
	JOURNAL="Bioinformatics",
	PAGES="396",
	YEAR=2006
}

@ARTICLE{BATMAN,
	TITLE="A Bayesian deconvolution strategy for immunoprecipitation-based DNA methylome analysis",
	AUTHOR="Thomas A Down et. al.",
	JOURNAL="Nature Biotechnology",
	PAGES="779 - 785",
	YEAR=2008
}

@ARTICLE{SBS,
	TITLE="Shotgun bisulphite sequencing of the Arabidopsis genome reveals DNA methylation patterning",
	AUTHOR="Shawn J. Cokus",
	JOURNAL="Nature",
	PAGES="215-219",
	YEAR=2008
}

@ARTICLE{RBO,
    TITLE="A study of the relationships between oligonucleotide properties and hybridization signal intensities from NimbleGen microarray datasets",
	AUTHOR="Hairong Wei et. al.",
	JOURNAL="Nucleic Acids Res.",
	PAGES="29262938",
	YEAR=2008
}


@ARTICLE{DML,
    TITLE="DNA methylation landscapes: provocative insights from epigenomics",
	AUTHOR="M. Suzuki et. al.",
	JOURNAL="Nature Reviews Genetics",
	PAGES="465-476",
	YEAR=2008
}

@ARTICLE{ELIM,
    TITLE="Improved scoring of functional groups from gene expression data by decorrelating GO graph structure",
	AUTHOR="Adrian Alexa et. al.",
	JOURNAL="Bioinformatics",
	PAGES="1600-1607",
	YEAR=2006
}

@ARTICLE{DNM,
    TITLE="Lsh is involved in de novo methylation of DNA",
	AUTHOR="Heming Zhu et. al.",
	JOURNAL="The EMBO Journal",
	PAGES="335-345",
	YEAR=2006
}

@ARTICLE{CEDAR,
    TITLE="Evidence for an instructive mechanism of de novo methylation in cancer cells",
	AUTHOR="Ilana Keshet et. al.",
	JOURNAL="Nature Genetics",
	PAGES="149",
	YEAR=2006
}


@ARTICLE{GSEA,
    TITLE="PGC-1alpha-responsive genes involved in oxidative phosphorylation are coordinately downregulated in human diabetes",
	AUTHOR="Vamsi K Mooth et. al.",
	JOURNAL="Nature Genetics",
	PAGES="267",
	YEAR=2003
}

@ARTICLE{GSEA2,
    TITLE="Gene set enrichment analysis: A knowledge-based approach for interpreting genome-wide expression profiles",
	AUTHOR="Aravind Subramanian et. al.",
	JOURNAL="PNAS",
	PAGES="15545-15550",
	YEAR=2005
}

@ARTICLE{HELI,
    TITLE="Sequence information can be obtained from single DNA molecules",
	AUTHOR="Ido Braslavsky et. al.",
	JOURNAL="PNAS",
	PAGES="3960-3964",
	YEAR=2003
}

@ARTICLE{JU,
    TITLE="Four-color DNA sequencing by synthesis using cleavable fluorescent nucleotide reversible terminators",
	AUTHOR="Ju J et. al.",
	JOURNAL="PNAS",
	PAGES="19635-19640",
	YEAR=2006
}

@ARTICLE{POLO,
    TITLE="Polony Multiplex Analysis of Gene Expression (PMAGE) in Mouse Hypertrophic Cardiomyopathy",
	AUTHOR="Jae Bum Kim et. al.",
	JOURNAL="Science",
	PAGES="1481",
	YEAR=2007
}

@ARTICLE{FFF,
    TITLE="Genome sequencing in microfabricated high-density picolitre reactors",
	AUTHOR="Marcel Margulies et. al.",
	JOURNAL="Nature",
	PAGES="376-380",
	YEAR=2005
}

@ARTICLE{SIMANN,
    TITLE="Optimization by Simulated Annealing",
	AUTHOR="S. Kirkpatrick et. al.",
	JOURNAL="Science,",
	PAGES="671-680",
	YEAR=1983
}

@ARTICLE{KEGG,
    TITLE="KEGG: Kyoto Encyclopedia of Genes and Genomes",
	AUTHOR="M. Kanehisa et. al.",
	JOURNAL="Nucleic Acids Res.",
	PAGES="27-30",
	YEAR=2000
}

@ARTICLE{PROB,
    TITLE="Mathematical statistics with applications, sixth Edition",
	AUTHOR="D. Wackerly et. al.",
	JOURNAL="Duxbury",
	YEAR=2002
}

@ARTICLE{BASH,
    TITLE="Information theory",
	AUTHOR="Robert B. Ash",
	JOURNAL="Dover",
	YEAR=1990
}

@ARTICLE{KARP,
    TITLE="Reducibility Among Combinatorial Problems",
	AUTHOR="Richard M. Karp",
	JOURNAL="Complexity of Computer Computations",
	PAGES="85–103",
	YEAR=1972
}

@ARTICLE{NN,
    TITLE="Neural networks, a comprehensive foundation",
	AUTHOR="S. Haykin",
	JOURNAL="Prentice Hall",
	YEAR=1999
}

@ARTICLE{HKP,
    TITLE="Antroduction to the Theory of Neural Computation",
	AUTHOR="John Hertz et. al.",
	JOURNAL="Santa Fe Institute Studies in the Sciences of Complexity",
	YEAR=1991
}

@ARTICLE{XXX,
    TITLE="",
	AUTHOR="",
	JOURNAL="",
	PAGES="",
	YEAR=200
}

@ARTICLE{XXX,
    TITLE="",
	AUTHOR="",
	JOURNAL="",
	PAGES="",
	YEAR=200
}

@ARTICLE{XXX,
    TITLE="",
	AUTHOR="",
	JOURNAL="",
	PAGES="",
	YEAR=200
}

@ARTICLE{XXX,
    TITLE="",
	AUTHOR="",
	JOURNAL="",
	PAGES="",
	YEAR=200
}

@ARTICLE{XXX,
    TITLE="",
	AUTHOR="",
	JOURNAL="",
	PAGES="",
	YEAR=200
}

@ARTICLE{XXX,
    TITLE="",
	AUTHOR="",
	JOURNAL="",
	PAGES="",
	YEAR=200
}

@ARTICLE{XXX,
    TITLE="",
	AUTHOR="",
	JOURNAL="",
	PAGES="",
	YEAR=200
}

@ARTICLE{XXX,
    TITLE="",
	AUTHOR="",
	JOURNAL="",
	PAGES="",
	YEAR=200
}

@ARTICLE{XXX,
    TITLE="",
	AUTHOR="",
	JOURNAL="",
	PAGES="",
	YEAR=200
}

@ARTICLE{XXX,
    TITLE="",
	AUTHOR="",
	JOURNAL="",
	PAGES="",
	YEAR=200
}

@ARTICLE{XXX,
    TITLE="",
	AUTHOR="",
	JOURNAL="",
	PAGES="",
	YEAR=200
}

@ARTICLE{XXX,
    TITLE="",
	AUTHOR="",
	JOURNAL="",
	PAGES="",
	YEAR=200
}

@ARTICLE{XXX,
    TITLE="",
	AUTHOR="",
	JOURNAL="",
	PAGES="",
	YEAR=200
}

@ARTICLE{XXX,
    TITLE="",
	AUTHOR="",
	JOURNAL="",
	PAGES="",
	YEAR=200
}


@article{lyko2010honeybee,
  title={{The honeybee epigenomes: differential methylation of brain DNA in queens and workers}},
  author={Lyko, F. and Foret, S. and Kucharski, R. and Wolf, S. and Falckenhayn, C. and Maleszka, R.},
  journal={PLoS Biol},
  volume={8},
  number={11},
  pages={e1000506},
  year={2010}
}

@article{langmead2009ultrafast,
  title={{Ultrafast and memory-efficient alignment of short DNA sequences to the human genome}},
  author={Langmead, B. and Trapnell, C. and Pop, M. and Salzberg, S.L.},
  journal={Genome Biol},
  volume={10},
  number={3},
  pages={R25},
  year={2009}
}

@article{li2010fast,
  title={{Fast and accurate short-read alignment with Burrows-Wheeler transform}},
  author={Li, H. and Durbin, R.},
  journal={Bioinformatics},
  volume={25},
  number={5},
  year={2009},
  publisher={Oxford Univ Press}
}

@article{li2010fastlong,
  title={{Fast and accurate long-read alignment with Burrows-Wheeler transform}},
  author={Li, H. and Durbin, R.},
  journal={Bioinformatics},
  volume={26},
  number={5},
  pages={589},
  issn={1367-4803},
  year={2010},
  publisher={Oxford Univ Press}
}

@article{li2009sequence,
  title={{The sequence alignment/map format and SAMtools}},
  author={Li, H. and Handsaker, B. and Wysoker, A. and Fennell, T. and Ruan, J. and Homer, N. and Marth, G. and Abecasis, G. and Durbin, R.},
  journal={Bioinformatics},
  volume={25},
  number={16},
  pages={2078},
  issn={1367-4803},
  year={2009},
  publisher={Oxford Univ Press}
}

@article{benjamini1995controlling,
  title={{Controlling the false discovery rate: a practical and powerful approach to multiple testing}},
  author={Benjamini, Y. and Hochberg, Y.},
  journal={Journal of the Royal Statistical Society. Series B (Methodological)},
  volume={57},
  number={1},
  pages={289--300},
  issn={0035-9246},
  year={1995},
  publisher={JSTOR}
}

@article{li2008mapping,
  title={{Mapping short DNA sequencing reads and calling variants using mapping quality scores}},
  author={Li, H. and Ruan, J. and Durbin, R.},
  journal={Genome research},
  volume={18},
  number={11},
  pages={1851},
  issn={1088-9051},
  year={2008},
  publisher={Cold Spring Harbor Lab}
}

@article{li2010baq,
  title={{Mathematical Notes on SAMtools Algorithms}},
  author={Li, H.},
  journal={http://lh3lh3.users.sourceforge.net/download/samtools.pdf},
  year={2010},
  publisher={Web}
}

@article{vcf4broad,
  title={{VCF (Variant Call Format) version 4.0}},
  author={Broad Institute},
  journal={http://www.1000genomes.org/wiki/Analysis/vcf4.0},
  year={2010},
  publisher={Web}
}

@article{pao11bs,
  title={{BS Seeker: precise mapping for bisulfite sequencing}},
  author={Pao-Yang, C. and Shawn, C. and Matteo, P.},
  journal={BMC Bioinformatics},
  volume={11},
  issn={1471-2105}
}

@article{park2009chip,
  title={{ChIP--seq: advantages and challenges of a maturing technology}},
  author={Park, P.J.},
  journal={Nature Reviews Genetics},
  volume={10},
  number={10},
  pages={669--680},
  issn={1471-0056},
  year={2009},
  publisher={Nature Publishing Group}
}

@article{zhang2008model,
  title={{Model-based analysis of ChIP-Seq (MACS)}},
  author={Zhang, Y. and Liu, T. and Meyer, C.A. and Eeckhoute, J. and Johnson, D.S. and Bernstein, B.E. and Nussbaum, C. and Myers, R.M. and Brown, M. and Li, W. and others},
  journal={Genome biology},
  volume={9},
  number={9},
  pages={R137},
  year={2008},
  publisher={BioMed Central Ltd}
}

@article{pepke2009computation,
  title={{Computation for ChIP-seq and RNA-seq studies}},
  author={Pepke, S. and Wold, B. and Mortazavi, A.},
  journal={Nature methods},
  volume={6},
  pages={S22--S32},
  issn={1548-7091},
  year={2009},
  publisher={Nature Publishing Group}
}

@article{teemu10practical,
  title={{A practical comparison of methods for detecting transcription factor binding sites in ChIP-seq experiments}},
  author={Teemu, L. and Sunil, R. and Soile, T. and Riitta, L. and Tero, A.},
  journal={BMC Genomics},
  volume={10},
  issn={1471-2164}
}

@article{fullwood2009chip,
  title={{ChIP-based methods for the identification of long-range chromatin interactions}},
  author={Fullwood, M.J. and Ruan, Y.},
  journal={Journal of cellular biochemistry},
  volume={107},
  number={1},
  pages={30--39},
  issn={1097-4644},
  year={2009},
  publisher={Wiley Online Library}
}

@article{song7chip,
  title={{ChIP-PaM: an algorithm to identify protein-DNA interaction using ChIP-Seq data}},
  author={Song, W. and Jianmin, W. and Wei, Z. and Stanley, P. and Cheng, C.},
  journal={Theoretical Biology and Medical Modelling},
  volume={7},
  issn={1742-4682}
}

@article{wilbanks2010evaluation,
  title={{Evaluation of algorithm performance in ChIP-seq peak detection}},
  author={Wilbanks, E.G. and Facciotti, M.T.},
  journal={PloS one},
  volume={5},
  number={7},
  pages={e11471},
  year={2010},
  publisher={Public Library of Science}
}

@article{fejes2008findpeaks,
  title={{FindPeaks 3.1: a tool for identifying areas of enrichment from massively parallel short-read sequencing technology}},
  author={Fejes, A.P. and Robertson, G. and Bilenky, M. and Varhol, R. and Bainbridge, M. and Jones, S.J.M.},
  journal={Bioinformatics},
  volume={24},
  number={15},
  pages={1729},
  issn={1367-4803},
  year={2008},
  publisher={Oxford Univ Press}
}

@article{jothi2008genome,
  title={{Genome-wide identification of in vivo protein-DNA binding sites from ChIP-Seq data}},
  author={Jothi, R. and Cuddapah, S. and Barski, A. and Cui, K. and Zhao, K.},
  journal={Nucleic acids research},
  volume={36},
  number={16},
  pages={5221},
  issn={0305-1048},
  year={2008},
  publisher={Oxford Univ Press}
}

@article{hu2010detection,
  title={{On the detection and refinement of transcription factor binding sites using ChIP-Seq data}},
  author={Hu, M. and Yu, J. and Taylor, J.M.G. and Chinnaiyan, A.M. and Qin, Z.S.},
  journal={Nucleic acids research},
  volume={38},
  number={7},
  pages={2154},
  issn={0305-1048},
  year={2010},
  publisher={Oxford Univ Press}
}

@article{szalkowski2010rapid,
  title={{Rapid innovation in ChIP-seq peak-calling algorithms is outdistancing benchmarking efforts}},
  author={Szalkowski, A.M. and Schmid, C.D.},
  journal={Briefings in Bioinformatics},
  issn={1467-5463},
  year={2010},
  publisher={Oxford Univ Press}
}

@article{ghosh2010statistical,
  title={{Statistical Issues in the Analysis of ChIP-Seq and RNA-Seq Data}},
  author={Ghosh, D. and Qin, Z.S.},
  journal={Genes},
  volume={1},
  number={2},
  pages={317--334},
  year={2010},
  publisher={Molecular Diversity Preservation International}
}

@article{ji2008integrated,
  title={{An integrated software system for analyzing ChIP-chip and ChIP-seq data}},
  author={Ji, H. and Jiang, H. and Ma, W. and Johnson, D.S. and Myers, R.M. and Wong, W.H.},
  journal={Nature Biotechnology},
  volume={26},
  number={11},
  pages={1293--1300},
  issn={1087-0156},
  year={2008},
  publisher={Nature Publishing Group}
}

@article{jiao2010probabilistic,
  title={{Probabilistic Peak Calling and Controlling False Discovery Rate Estimations in Transcription Factor Binding Site Mapping from ChIP-seq.}},
  author={Jiao, S. and Bailey, C.P. and Zhang, S. and Ladunga, I.},
  journal={Methods in molecular biology (Clifton, NJ)},
  volume={674},
  pages={161--177},
  year={2010},
  publisher={Springer}
}

@article{ wikiWnt,
   author = "Wikipedia",
   title = "Wnt signaling pathway --- {W}ikipedia{,} The Free Encyclopedia",
   year = "2004",
   url = "http://en.wikipedia.org/wiki/Wnt_signaling_pathway"
}

@article{ wntHome,
   author = "Stanford University",
   title = "Wnt home --- Stanford University, Nussel Lab",
   url = "http://www.stanford.edu/group/nusselab/cgi-bin/wnt/"
 }

@article{lyko2010honeybee,
  title={{The honeybee epigenomes: differential methylation of brain DNA in queens and workers}},
  author={Lyko, F. and Foret, S. and Kucharski, R. and Wolf, S. and Falckenhayn, C. and Maleszka, R.},
  journal={PLoS Biol},
  volume={8},
  number={11},
  pages={e1000506},
  year={2010}
}

@article{langmead2009ultrafast,
  title={{Ultrafast and memory-efficient alignment of short DNA sequences to the human genome}},
  author={Langmead, B. and Trapnell, C. and Pop, M. and Salzberg, S.L.},
  journal={Genome Biol},
  volume={10},
  number={3},
  pages={R25},
  year={2009}
}

@article{li2010fast,
  title={{Fast and accurate short-read alignment with Burrows-Wheeler transform}},
  author={Li, H. and Durbin, R.},
  journal={Bioinformatics},
  volume={25},
  number={5},
  year={2009},
  publisher={Oxford Univ Press}
}

@article{li2010fastlong,
  title={{Fast and accurate long-read alignment with Burrows-Wheeler transform}},
  author={Li, H. and Durbin, R.},
  journal={Bioinformatics},
  volume={26},
  number={5},
  pages={589},
  issn={1367-4803},
  year={2010},
  publisher={Oxford Univ Press}
}

@article{li2009sequence,
  title={{The sequence alignment/map format and SAMtools}},
  author={Li, H. and Handsaker, B. and Wysoker, A. and Fennell, T. and Ruan, J. and Homer, N. and Marth, G. and Abecasis, G. and Durbin, R.},
  journal={Bioinformatics},
  volume={25},
  number={16},
  pages={2078},
  issn={1367-4803},
  year={2009},
  publisher={Oxford Univ Press}
}

@article{benjamini1995controlling,
  title={{Controlling the false discovery rate: a practical and powerful approach to multiple testing}},
  author={Benjamini, Y. and Hochberg, Y.},
  journal={Journal of the Royal Statistical Society. Series B (Methodological)},
  volume={57},
  number={1},
  pages={289--300},
  issn={0035-9246},
  year={1995},
  publisher={JSTOR}
}

@article{li2008mapping,
  title={{Mapping short DNA sequencing reads and calling variants using mapping quality scores}},
  author={Li, H. and Ruan, J. and Durbin, R.},
  journal={Genome research},
  volume={18},
  number={11},
  pages={1851},
  issn={1088-9051},
  year={2008},
  publisher={Cold Spring Harbor Lab}
}

@article{li2010baq,
  title={{Mathematical Notes on SAMtools Algorithms}},
  author={Li, H.},
  journal={http://lh3lh3.users.sourceforge.net/download/samtools.pdf},
  year={2010},
  publisher={Web}
}

@article{vcf4broad,
  title={{VCF (Variant Call Format) version 4.0}},
  author={Broad Institute},
  journal={http://www.1000genomes.org/wiki/Analysis/vcf4.0},
  year={2010},
  publisher={Web}
}

@article{pao11bs,
  title={{BS Seeker: precise mapping for bisulfite sequencing}},
  author={Pao-Yang, C. and Shawn, C. and Matteo, P.},
  journal={BMC Bioinformatics},
  volume={11},
  issn={1471-2105}
}

@article{park2009chip,
  title={{ChIP--seq: advantages and challenges of a maturing technology}},
  author={Park, P.J.},
  journal={Nature Reviews Genetics},
  volume={10},
  number={10},
  pages={669--680},
  issn={1471-0056},
  year={2009},
  publisher={Nature Publishing Group}
}

@article{zhang2008model,
  title={{Model-based analysis of ChIP-Seq (MACS)}},
  author={Zhang, Y. and Liu, T. and Meyer, C.A. and Eeckhoute, J. and Johnson, D.S. and Bernstein, B.E. and Nussbaum, C. and Myers, R.M. and Brown, M. and Li, W. and others},
  journal={Genome biology},
  volume={9},
  number={9},
  pages={R137},
  year={2008},
  publisher={BioMed Central Ltd}
}

@article{pepke2009computation,
  title={{Computation for ChIP-seq and RNA-seq studies}},
  author={Pepke, S. and Wold, B. and Mortazavi, A.},
  journal={Nature methods},
  volume={6},
  pages={S22--S32},
  issn={1548-7091},
  year={2009},
  publisher={Nature Publishing Group}
}

@article{teemu10practical,
  title={{A practical comparison of methods for detecting transcription factor binding sites in ChIP-seq experiments}},
  author={Teemu, L. and Sunil, R. and Soile, T. and Riitta, L. and Tero, A.},
  journal={BMC Genomics},
  volume={10},
  issn={1471-2164}
}

@article{fullwood2009chip,
  title={{ChIP-based methods for the identification of long-range chromatin interactions}},
  author={Fullwood, M.J. and Ruan, Y.},
  journal={Journal of cellular biochemistry},
  volume={107},
  number={1},
  pages={30--39},
  issn={1097-4644},
  year={2009},
  publisher={Wiley Online Library}
}

@article{song7chip,
  title={{ChIP-PaM: an algorithm to identify protein-DNA interaction using ChIP-Seq data}},
  author={Song, W. and Jianmin, W. and Wei, Z. and Stanley, P. and Cheng, C.},
  journal={Theoretical Biology and Medical Modelling},
  volume={7},
  issn={1742-4682}
}

@article{wilbanks2010evaluation,
  title={{Evaluation of algorithm performance in ChIP-seq peak detection}},
  author={Wilbanks, E.G. and Facciotti, M.T.},
  journal={PloS one},
  volume={5},
  number={7},
  pages={e11471},
  year={2010},
  publisher={Public Library of Science}
}

@article{fejes2008findpeaks,
  title={{FindPeaks 3.1: a tool for identifying areas of enrichment from massively parallel short-read sequencing technology}},
  author={Fejes, A.P. and Robertson, G. and Bilenky, M. and Varhol, R. and Bainbridge, M. and Jones, S.J.M.},
  journal={Bioinformatics},
  volume={24},
  number={15},
  pages={1729},
  issn={1367-4803},
  year={2008},
  publisher={Oxford Univ Press}
}

@article{jothi2008genome,
  title={{Genome-wide identification of in vivo protein-DNA binding sites from ChIP-Seq data}},
  author={Jothi, R. and Cuddapah, S. and Barski, A. and Cui, K. and Zhao, K.},
  journal={Nucleic acids research},
  volume={36},
  number={16},
  pages={5221},
  issn={0305-1048},
  year={2008},
  publisher={Oxford Univ Press}
}

@article{hu2010detection,
  title={{On the detection and refinement of transcription factor binding sites using ChIP-Seq data}},
  author={Hu, M. and Yu, J. and Taylor, J.M.G. and Chinnaiyan, A.M. and Qin, Z.S.},
  journal={Nucleic acids research},
  volume={38},
  number={7},
  pages={2154},
  issn={0305-1048},
  year={2010},
  publisher={Oxford Univ Press}
}

@article{szalkowski2010rapid,
  title={{Rapid innovation in ChIP-seq peak-calling algorithms is outdistancing benchmarking efforts}},
  author={Szalkowski, A.M. and Schmid, C.D.},
  journal={Briefings in Bioinformatics},
  issn={1467-5463},
  year={2010},
  publisher={Oxford Univ Press}
}

@article{ghosh2010statistical,
  title={{Statistical Issues in the Analysis of ChIP-Seq and RNA-Seq Data}},
  author={Ghosh, D. and Qin, Z.S.},
  journal={Genes},
  volume={1},
  number={2},
  pages={317--334},
  year={2010},
  publisher={Molecular Diversity Preservation International}
}

@article{ji2008integrated,
  title={{An integrated software system for analyzing ChIP-chip and ChIP-seq data}},
  author={Ji, H. and Jiang, H. and Ma, W. and Johnson, D.S. and Myers, R.M. and Wong, W.H.},
  journal={Nature Biotechnology},
  volume={26},
  number={11},
  pages={1293--1300},
  issn={1087-0156},
  year={2008},
  publisher={Nature Publishing Group}
}

@article{jiao2010probabilistic,
  title={{Probabilistic Peak Calling and Controlling False Discovery Rate Estimations in Transcription Factor Binding Site Mapping from ChIP-seq.}},
  author={Jiao, S. and Bailey, C.P. and Zhang, S. and Ladunga, I.},
  journal={Methods in molecular biology (Clifton, NJ)},
  volume={674},
  pages={161--177},
  year={2010},
  publisher={Springer}
}

@article{ wikiWnt,
   author = "Wikipedia",
   title = "Wnt signaling pathway --- {W}ikipedia{,} The Free Encyclopedia",
   year = "2004",
   url = "http://en.wikipedia.org/wiki/Wnt_signaling_pathway"
}

@article{ wntHome,
   author = "Stanford University",
   title = "Wnt home --- Stanford University, Nussel Lab",
   url = "http://www.stanford.edu/group/nusselab/cgi-bin/wnt/"
 }

@article{keller2007transition,
  title={Transition-transversion bias is not universal: a counter example from grasshopper pseudogenes},
  author={Keller, I. and Bensasson, D. and Nichols, R.A.},
  journal={PLoS Genetics},
  volume={3},
  number={2},
  pages={e22},
  year={2007},
  publisher={Public Library of Science}
}

@article{durbin2010map,
  title={A map of human genome variation from population-scale sequencing},
  author={Durbin, R.M. and Altshuler, D.L. and Abecasis, G.R. and Bentley, D.R. and Chakravarti, A. and Clark, A.G. and Collins, F.S. and De La Vega, F.M. and Donnelly, P. and Egholm, M. and others},
  journal={Nature},
  volume={467},
  number={7319},
  pages={1061--1073},
  year={2010},
  publisher={Nature Publishing Group, a division of Macmillan Publishers Limited. All Rights Reserved.}
}

@article{santalucia1998unified,
  title={A unified view of polymer, dumbbell, and oligonucleotide DNA nearest-neighbor thermodynamics},
  author={SantaLucia, J.},
  journal={Proceedings of the National Academy of Sciences},
  volume={95},
  number={4},
  pages={1460},
  year={1998},
  publisher={National Acad Sciences}
}

@article{liu2011controllability,
  title={Controllability of complex networks},
  author={Liu, Y.Y. and Slotine, J.J. and Barab{\'a}si, A.L.},
  journal={Nature},
  volume={473},
  number={7346},
  pages={167--173},
  year={2011},
  publisher={Nature Publishing Group}
}

@article{lin2007robust,
  title={Robust Control Design An Optimal Control Approach},
  author={Lin, F.},
  year={2007},
  publisher={John Wiley and Sons}
}

@article{cowan2011nodal,
  title={Nodal dynamics, not degree distributions, determine the structural controllability of complex networks},
  author={Cowan, N.J. and Chastain, E.J. and Vilhena, D.A. and Freudenberg, J.S. and Bergstrom, C.T.},
  journal={Arxiv preprint arXiv:1106.2573},
  year={2011}
}

@article{abdallah2011mathematical,
  title={Mathematical controllability of genomic networks},
  author={Abdallah, C.T.},
  journal={Proceedings of the National Academy of Sciences},
  volume={108},
  number={42},
  pages={17243--17244},
  year={2011},
  publisher={National Acad Sciences}
}

@article{taniguchi2006critical,
  title={Critical nodes in signalling pathways: insights into insulin action},
  author={Taniguchi, C.M. and Emanuelli, B. and Kahn, C.R.},
  journal={Nature Reviews Molecular Cell Biology},
  volume={7},
  number={2},
  pages={85--96},
  year={2006},
  publisher={Nature Publishing Group}
}
